@inproceedings{efros2001image,
  title={Image quilting for texture synthesis and transfer},
  author={Efros, Alexei A and Freeman, William T},
  booktitle={Proceedings of the 28th annual conference on Computer graphics and interactive techniques},
  pages={341--346},
  year={2001},
  organization={ACM}
}

